@ARTICLE{Douce,
   author = {Christopher Douce and David Livingstone and James Orwell},
   title = {Automatic Test-Based Assessment of Programming: A Review},
   journal = {ACM Journal of Educational Resources in Computing},
   volume = 5,
   year = 2005
}
  
@PHDTHESIS{Seppala,
   author = {Otto Sepa\"al\"a},
   title = {Advances in Assessment of Programming Skills},
   school = {Aalto University}
}

@PHDTHESIS{PaMiTo,
   author = {Pavel Jezek and Michal Malohlava and Tomas Pop},
   title = {Automated Evaluation of Regular Lab Assignments: A Bittersweet Experience?},
   school = {Charles University in Prague}
}

@PHDTHESIS{RoRuHe,
   author = {Juan C. Rodr\'{\i}guez-del-Pino and Enrique Rubio-Royo and Zen\'on J. Hern\'andez-Figueroa},
   title = {A Virtual Programming Lab for Moodle with automatic assessment and anti-plagiarism features},
   school = {University of Las Palmas de Gran Canaria}
}

@MISC{freetech,
   title = {7 Ways to Create and Deliver Online Quizzes},
   note = {\\{\small \url{http://www.freetech4teachers.com/2013/07/7-ways-to-create-and-deliver-online.html}}}
}

@MISC{moodle,
   title = {Moodle learning platform},
   note = {{\small \url{https://moodle.org/?lang=es}}}
}

@MISC{edx,
   title = {ed{X} learning platform},
   note = {{\small \url{https://www.edx.org/}}}
}

@MISC{amc,
   title = {Auto {M}ultiple {C}hoice ({AMC}) software},
   note = {{\small \url{http://home.gna.org/auto-qcm/}}}
}
